<record><leader>00000cas a2200000 a 4500</leader><controlfield tag="001">13490745</controlfield><controlfield tag="008">860424c18399999ilumr ne      0    0eng c</controlfield><datafield ind1=" " ind2=" " tag="010"><subfield code="a">  2010271285</subfield></datafield><datafield ind1=" " ind2=" " tag="040"><subfield code="a">DPL</subfield><subfield code="b">eng</subfield><subfield code="c">DPL</subfield><subfield code="d">IUL</subfield><subfield code="d">NVF</subfield><subfield code="d">OCLCQ</subfield><subfield code="d">OCLCF</subfield><subfield code="d">DEBBG</subfield><subfield code="d">OCLCO</subfield></datafield><datafield ind1="7" ind2=" " tag="016"><subfield code="a">2113708-0</subfield><subfield code="2">DE-600</subfield></datafield><datafield ind1=" " ind2=" " tag="019"><subfield code="a">990547080</subfield><subfield code="a">994405344</subfield></datafield><datafield ind1="1" ind2=" " tag="029"><subfield code="a">GEBAY</subfield><subfield code="b">7035634</subfield></datafield><datafield ind1="1" ind2=" " tag="029"><subfield code="a">DEBBG</subfield><subfield code="b">BV017288493</subfield></datafield><datafield ind1="1" ind2=" " tag="029"><subfield code="a">NZ1</subfield><subfield code="b">16071092</subfield></datafield><datafield ind1=" " ind2=" " tag="042"><subfield code="a">pcc</subfield></datafield><datafield ind1=" " ind2=" " tag="043"><subfield code="a">n-us-il</subfield></datafield><datafield ind1=" " ind2="4" tag="050"><subfield code="a">BX8601</subfield><subfield code="b">.xT5</subfield></datafield><datafield ind1="0" ind2="4" tag="082"><subfield code="a">289.3051</subfield></datafield><datafield ind1="0" ind2="0" tag="245"><subfield code="a">Times and seasons.</subfield></datafield><datafield ind1=" " ind2=" " tag="260"><subfield code="a">Nauvoo, Ill. :</subfield><subfield code="b">E. Robinson and D.C. Smith,</subfield><subfield code="c">1839-</subfield></datafield><datafield ind1=" " ind2=" " tag="300"><subfield code="a">v. :</subfield><subfield code="b">ill. ;</subfield><subfield code="c">23 cm.</subfield></datafield><datafield ind1=" " ind2=" " tag="310"><subfield code="a">Monthly</subfield></datafield><datafield ind1="0" ind2=" " tag="362"><subfield code="a">Vol. 1, no. 1 (Nov. 1839)-v. 6, no. 23 (Feb. 15, 1846) ; v. 7, no. 1 (Sept. 1971)- = no. 132-</subfield></datafield><datafield ind1=" " ind2=" " tag="500"><subfield code="a">Subsequent publishers: J. Taylor, 1842-1846 ; R.N. Hoerner, Jr., 1971-</subfield></datafield><datafield ind1=" " ind2=" " tag="515"><subfield code="a">Suspended publication, 1847-1970.</subfield></datafield><datafield ind1=" " ind2="0" tag="650"><subfield code="a">Mormon Church</subfield><subfield code="v">Newspapers.</subfield></datafield><datafield ind1=" " ind2="0" tag="650"><subfield code="a">Mormons</subfield><subfield code="v">Newspapers.</subfield></datafield><datafield ind1=" " ind2="0" tag="651"><subfield code="a">Nauvoo (Ill.)</subfield><subfield code="v">Newspapers.</subfield></datafield><datafield ind1=" " ind2="7" tag="655"><subfield code="a">Newspapers.</subfield><subfield code="2">fast</subfield><subfield code="0">(OCoLC)fst01423814</subfield></datafield><datafield ind1=" " ind2="7" tag="650"><subfield code="a">Mormon Church.</subfield><subfield code="2">fast</subfield><subfield code="0">(OCoLC)fst01026221</subfield></datafield><datafield ind1=" " ind2="7" tag="650"><subfield code="a">Mormons.</subfield><subfield code="2">fast</subfield><subfield code="0">(OCoLC)fst01026314</subfield></datafield><datafield ind1=" " ind2="7" tag="651"><subfield code="a">Illinois</subfield><subfield code="z">Nauvoo.</subfield><subfield code="2">fast</subfield><subfield code="0">(OCoLC)fst01210253</subfield></datafield><datafield ind1=" " ind2=" " tag="752"><subfield code="a">United States</subfield><subfield code="b">Illinois</subfield><subfield code="c">Hancock</subfield><subfield code="d">Nauvoo.</subfield></datafield><datafield ind1="0" ind2="8" tag="776"><subfield code="i">Online version:</subfield><subfield code="t">Times and seasons</subfield><subfield code="w">(OCoLC)805947555</subfield></datafield></record>